%% This BibTeX bibliography file was created using BibDesk.
%% http://bibdesk.sourceforge.net/


%% Created for YYY at 2010-02-04 16:26:16 -0500 


%% Saved with string encoding Unicode (UTF-8) 





%% Here starts our references !!!!!!!!!!!!

@misc{light-for-plant-growth,
    Year = {2008},
    Note = {\url{http://lib.tkk.fi/Diss/2008/isbn9789512295029/isbn9789512295029.pdf}},
	Title = {USAGE AND CONTROL OF SOLID-STATE LIGHTING FOR PLANT GROWTH}
	}

@misc{light-sensors,
    Year = {2012},
    Note = {\url{http://www.let-elektronik.dk/1127-sensor-precision-light.html}},
	Title = {Sensor - Precision light}
	}
	
@misc{naturstyrelsen,
	Date-Modified = {2012-09-03 22:10:51 +2000},
	Note = {\url{http://www.naturstyrelsen.dk/Naturbeskyttelse/Artsleksikon/Planter/Froeplanter/Blomsterplanter/orkideer.htm}},
	Title = {Okideer}
	}
	
@misc{indoor-house-plants,
    Date-Modified = {2012-09-04 22:10:51 +2000},
	Note = {\url{http://www.garden4less.co.uk/indoor-houseplant-watering-system.asp}},
	Title = {Indoor House Plants}
	}
    
@misc{moreland,
    Date-Modified = {2012-09-04 22:10:51 +2000},
    note = {\url{http://www.moreland.dk/da/products/drypvanding/drypvanding-automatisk/?partno=80010003}},
	Title = {Moreland Drypvandings System}
	}
    
@misc{moisture-meter,
    Date-Modified = {2012-09-04 22:10:51 +2000},
    Note = {\url{http://www.amazon.com/Indoor-Outdoor-Moisture-Sensor-monitor/dp/B002B80FU4/}},
	Title = {Indoor/Outdoor Moisture Sensor Meter}
	}
    
@misc{autopots,
    Date-Modified = {2012-09-04 22:10:51 +2000},
    Note = {\url{http://www.horticulturesource.com/product_info.php?products_id=2497}},
    Title = {Easy2Grow Autopots}
	}

@misc{moisture-matic,
    Date-Modified = {2012-09-04 22:10:51 +2000},
    Note = {\url{http://www.amazon.com/dp/B0054MPCZM/}},
    Title = {Moisture Matic Automatic Watering System}
	}

@misc{plant-sitter,
    Date-Modified = {2012-09-04 22:10:51 +2000},
    Note = {\url{http://www.saferbrand.com/store/house-plants/b6000-sm}},
    Title = {CobraCo® Plant Sitter® Water System}
	}
    
@misc{oasis-auto-drip,
    Date-Modified = {2012-09-04 22:10:51 +2000},
    Note = {\url{http://www.dripdepot.com/1431}},
	Title = {Oasis Indoor Automatic Drip Watering System}
	}
    
@misc{self-watering-probes,
    Title = {Self Watering Probes},
    Year = {2012},
    Note = {\url{http://www.amazon.com/Self-Watering-Probes-Package-of-5/dp/B0002VAHXC}}
	}
    
@misc{uv-diodes,
    Title = {UV LED Diodes},
    Year = {2012},
    Note = {\url{http://tiny.cc/5d73ow}}
	}

@misc{botanicalls,
    Title = {Botanicalls},
    author = {Robert Faludi, Kate Hartman, Kati London, Rebecca Bray},
    Year = {2008},
	Note = {\url{http://www.botanicalls.com/kits/}}
	}
	
@misc{watering-plant-on-vacation,
    Title = {Watering Plants on Vacation},
    Year = {2012},
	Note = {\url{http://voices.yahoo.com/methods-watering-indoor-plants-while-vacation-44386.html?cat=7}}
	}

@book{longitudinal,
    Title = {Longitudinal Data Analysis},
    Author = {Donald Hedeker, Robbert D. Gibbons},
    Publisher = {John Wiley \& Sons, Inc.},
    Note = {Subject: Longitudinal Study},
    Year = {2006},
    isbn = {9780471420279}
    }
    
    
@misc{atmel328,
    Title = {Atmel 8 bit ATmega328 Microcontroller},
    Note = {\url{http://www.atmel.com/Images/8271S.pdf}}
    }

@misc{arduino-uno,
    Title = {Arduino Uno Microprocessor board},
    Note = {\url{http://arduino.cc/en/Main/ArduinoBoardUno}}
    }
    
@misc{arduino-wifi,
    Title = {Arduino Uno Microprocessor board},
    Note = {\url{http://arduino.cc/en/Main/ArduinoWiFiShield}}
    }
	
@article{how-to-make-a-gardening-system,
    title = {Microcontroller-Assisted Gardening},
    author = {MAKE},
    journal = {Make Digital Magazine},
    year = {2012},
    note = {\url{http://www.make-digital.com/make/vol18/?pg=94#pg94}}
	}
	
@article{The-Benefits-of-Plants-and-Landscaping,
    Title = {The Benefits of Plants and Landscaping},
    Author = {Marc S. Frank},
    Year = {2003-04-01}
    %Note = {\url{http://greenplantsforgreenbuildings.org/attachments/contentmanagers/25/BenefitofPlants.pdf}}
	}

@article{photosyntese,
    title = {The PSI-H subunit of photosystem I is essential for state transitions in plant photosynthesis},
    author = {Christina Lunde \& Poul Erik Jensen},
    year = {2000},
    journal = {Macmillian Magazines Ltd.},
    note = {\url{http://www.nature.com/nature/journal/v408/n6812/abs/408613a0.html}}
    }
@book{fotosyntese,
    Title = {Den Store Danske Encyklopædi},
    Author = {Gyldendal},
    Publisher = {Gyldendals forlag},
    Note = {Subject: Fotosyntese}
    }
    

@article{future-homes,
    title = {Designing a Home 
of the Future},
    author = {Stephen S. Intille},
    issn = {1536-1268},
    volume = {11},
    pages = {76-82},
    year = {2002},
    journal = {IEEE Pervasive Computing},
    publisher = {IEEE Computer Society},
    address = {Los Alamitos, CA, USA},
    }
    
@misc{micro-drip-irrigation-system,
    Title = {Micro-drip Irrigation System},
    Year = {2012-09-03 22:10:51 +2000},
	Note = {\url{http://www.gardena.com/uk/water-management/micro-drip-irrigation-system/}}	
	}
    
@article{houseplants-make-you-smarter,
    Title = {Houseplants Make You Smarter},
    Author = {Travis Riddle},
    Year = {2011},
    Note = {\url{http://www.scientificamerican.com/article.cfm?id=houseplants-make-you-smarter}}
	}
    

@book{people-plant-relationship,
  title={Horticulture As Therapy: Principles and Practice},
  author={Simson, S. and Martha C. Straus, HTM},
  isbn={9781560228592},
  lccn={97007516},
  url={http://www.google.dk/books?id=ChyLgN6I1FYC},
  year={1998},
  publisher={Food Products Press}
}

    
@article{Childrens-Active-and-Passive-Interactions-with-Plants,
    Title = {Children's Active and Passive Interactions with Plants Influence Their Attitudes and Actions toward Trees and Gardening as Adults},
    Author = {Virginia I. Lohr and Caroline H. Pearson-Mims},
    Publisher = {HortTechnology}
    Year = {2005},
    %Note = {\url{http://horttech.ashspublications.org/content/15/3/472.short}}
    }
    
%springerlin articles

@incollection{Handheld-Decision-Support-System,
year={2013},
isbn={978-1-4614-3557-0},
booktitle={Emerging Trends in Computing, Informatics, Systems Sciences, and Engineering},
volume={151},
series={Lecture Notes in Electrical Engineering},
editor={Sobh, Tarek and Elleithy, Khaled},
doi={10.1007/978-1-4614-3558-7_55},
title={Implementation of the Handheld Decision Support System for Agriculture and Home Gardening},
url={http://dx.doi.org/10.1007/978-1-4614-3558-7_55},
publisher={Springer New York},
author={Pohronská, Mária and Krajčovič, Tibor},
pages={637-645},
language={English}
}

@incollection{Smart-Homes-and-the-People-Who-Live-in-Them,
year={2012},
isbn={978-3-642-31204-5},
booktitle={Pervasive Computing},
volume={7319},
series={Lecture Notes in Computer Science},
editor={Kay, Judy and Lukowicz, Paul and Tokuda, Hideyuki and Olivier, Patrick and Krüger, Antonio},
doi={10.1007/978-3-642-31205-2_10},
title={Hacking the Natural Habitat: An In-the-Wild Study of Smart Homes, Their Development, and the People Who Live in Them},
url={http://dx.doi.org/10.1007/978-3-642-31205-2_10},
publisher={Springer Berlin Heidelberg},
keywords={Home automation; smart homes; domestic technologies},
author={Mennicken, Sarah and Huang, ElaineM.},
pages={143-160}
}


%end of springerlink articles

    
@misc{Danes-spend-approx-2000-a-year-on-plants,
    Date = {2012-09-03 22:10:51 +2000},
    Note = {\url{http://www.dst.dk/da/Statistik/emner/tvaergaaende-omraader/anden-tvaergaaende-kultur.aspx}},
    Title = {Danmarks Statistik (2009-2011) }
    }

@misc{patent-US3758987,
	author = {William B. Crane},
	Date-Modified = {2012-09-03 22:10:51 +2000},
	Note = {\url{http://www.google.dk/patents?id=dA2AAAAEBAJ&zoom=4&dq=plant%20watering&pg=PA1#v=onepage&q=plant%20watering&f=false}},
	Title = {US Patent 3758987}
	}
	
@misc{patent-US4578897,
	author = {Robert A. Pazer},
	Date-Modified = {2012-09-03 22:10:51 +2000},
	Note = {\url{http://www.google.dk/patents?id=ifU4AAAAEBAJ&zoom=4&dq=plant%20watering&pg=PA5#v=onepage&q=plant%20watering&f=false}},
	Title = {US Patent 4578897}
	}
	
@misc{patent-US4996792,
	author = {Reinhold Holtkamp},
	Date-Modified = {2012-09-03 22:10:51 +2000},
	Note = {\url{http://www.google.dk/patents?id=aGgbAAAAEBAJ&zoom=4&dq=plant%20watering&pg=PA3#v=onepage&q=plant%20watering&f=false}},
	Title = {US Patent 4996792}
	}



%% Here ends our references !!!!!!!!!!!!!!
