%% This BibTeX bibliography file was created using BibDesk.
%% http://bibdesk.sourceforge.net/


%% Created for YYY at 2010-02-04 16:26:16 -0500 


%% Saved with string encoding Unicode (UTF-8) 





%% Here starts our references !!!!!!!!!!!!

	
@misc{naturstyrelsen,
	Date-Modified = {2012-09-03 22:10:51 +2000},
	Note = {\small{\url{http://www.naturstyrelsen.dk/Naturbeskyttelse/Artsleksikon/Planter/Froeplanter/Blomsterplanter/orkideer.htm}}},
	Title = {{\small{At Plante Okideer}}}
	}
	
@misc{indoor-house-plants,
	Date-Modified = {2012-09-04 22:10:51 +2000},
	Note = {\small{\url{http://www.garden4less.co.uk/indoor-houseplant-watering-system.asp}}},
	Title = {{Indoor House Plants}}
	}
	
@misc{self-watering-probes,
	Date-Modified = {2012-09-03 22:10:51 +2000},
	Note = {\small{\url{http://www.amazon.com/Self-Watering-Probes-Package-of-5/dp/B0002VAHXC}}},
	Title = {{Self Watering Probes}}
	}
	
@misc{watering-plant-on-vacation,
	Date-Modified = {2012-09-03 22:10:51 +2000},
	Note = {\small{\url{http://voices.yahoo.com/methods-watering-indoor-plants-while-vacation-44386.html?cat=7}}},
	Title = {{Watering Plants on Vacation}}
	}
	
@misc{how-to-make-a-gardening-system,
	Date-Modified = {2012-09-03 22:10:51 +2000},
	Note = {\small{\url{http://www.make-digital.com/make/vol18/?pg=94#pg94}}},
	Title = {{How to Make a Gardening System}}
	}
	
@misc{micro-drip-irrigation-system,
	Date-Modified = {2012-09-03 22:10:51 +2000},
	Note = {\small{\url{http://www.gardena.com/uk/water-management/micro-drip-irrigation-system/}}},
	Title = {{Micro-drip Irrigation System}}
	}

@misc{patent-US3758987,
	author = {William B. Crane},
	Date-Modified = {2012-09-03 22:10:51 +2000},
	Note = {\small{\url{http://www.google.dk/patents?id=dA2AAAAEBAJ&zoom=4&dq=plant%20watering&pg=PA1#v=onepage&q=plant%20watering&f=false}}},
	Title = {{US Patent 3758987}}
	}
	
@misc{patent-US4578897,
	author = {Robert A. Pazer},
	Date-Modified = {2012-09-03 22:10:51 +2000},
	Note = {\small{\url{http://www.google.dk/patents?id=ifU4AAAAEBAJ&zoom=4&dq=plant%20watering&pg=PA5#v=onepage&q=plant%20watering&f=false}}},
	Title = {{US Patent 4578897}}
	}
	
@misc{patent-US4996792,
	author = {Reinhold Holtkamp},
	Date-Modified = {2012-09-03 22:10:51 +2000},
	Note = {\small{\url{http://www.google.dk/patents?id=aGgbAAAAEBAJ&zoom=4&dq=plant%20watering&pg=PA3#v=onepage&q=plant%20watering&f=false}}},
	Title = {{US Patent 4996792}}
	}



%% Here ends our references !!!!!!!!!!!!!!